@book{Peskin:1995ev,
     author         = "Peskin, Michael E. and Schroeder, Daniel V.",
     title          = "{An Introduction to quantum field theory}",
     isbn           = "978-0-201-50397-5",
     publisher      = "Addison-Wesley",
     address        = "Reading, USA",
     year           = "1995"
}
@article{topPtReweight8TeV,
     author         = "Khachatryan, Vardan and others",
     title          = "Measurement of the differential cross section for top quark pair production in pp collisions at $\sqrt{s} =8\,\text {TeV} $",
     collaboration  = "CMS",
     journal        = "Eur. Phys. J. C",
     volume         = "75",
     year           = "2015",
     number         = "11",
     pages          = "542",
     doi            = "10.1140/epjc/s10052-015-3709-x",
     eprint         = "1505.04480",
     archivePrefix  = "arXiv",
     primaryClass   = "hep-ex",
     reportNumber   = "CMS-TOP-12-028, CERN-PH-EP-2015-117",
     SLACcitation   = "%%CITATION = ARXIV:1505.04480;%%"
}
@article{AsympOpt,
     author         = "Cowan, Glen and Cranmer, Kyle and Gross, Eilam and Vitells, Ofer",
     title          = "Asymptotic formulae for likelihood-based tests of new physics",
     journal        = "Eur. Phys. J. C",
     volume         = "71",
     year           = "2011",
     pages          = "1554",
     doi            = "10.1140/epjc/s10052-011-1554-0, 10.1140/epjc/s10052-013-2501-z",
     note           = "[Erratum: Eur. Phys. J.C73,2501(2013)]",
     eprint         = "1007.1727",
     archivePrefix  = "arXiv",
     primaryClass   = "physics.data-an",
     SLACcitation   = "%%CITATION = ARXIV:1007.1727;%%"
}
@article{Punzi,
     author         = "Punzi, Giovanni",
     title          = "Sensitivity of searches for new signals and its optimization",
     booktitle      = "Statistical problems in particle physics, astrophysics and cosmology. Proceedings, Conference, PHYSTAT 2003, Stanford, USA, September 8-11, 2003",
     journal        = "eConf",
     volume         = "C030908",
     year           = "2003",
     pages          = "MODT002",
     note           = "[,79(2003)]",
     eprint         = "physics/0308063",
     archivePrefix  = "arXiv",
     primaryClass   = "physics",
     reportNumber   = "PHYSTAT-2003-MODT002",
     SLACcitation   = "%%CITATION = PHYSICS/0308063;%%"
}
@article{Buchmuller:1986zs,
     author         = "Buchm{\"u}ller, W. and Wyler, D.",
     title          = "Constraints on SU(5)-type Leptoquarks",
     journal        = "Phys. Lett. B",
     volume         = "177",
     pages          = "377",
     year           = "1986",
     doi            = "10.1016/0370-2693(86)90771-9"
}
@article{PTDR2,
     author         = "{CMS collaboration}",
     title          = "CMS Technical Design Report, volume II: Physics Performance",
     journal        = "J. Phys.",
     volume         = "G34",
     year           = "2007",
     pages          = "995-1579",
     doi            = "10.1088/0954-3899/34/6/S01",
}
@article{PhysRevD.71.057503,
     author         = "Kr{\"a}mer, M. and others",
     title          = "{Pair Production of Scalar Leptoquarks at the CERN LHC}",
     journal        = "Phys. Rev. D",
     volume         = "71",
     pages          = "057503",
     doi            = "10.1103/PhysRevD.71.057503",
     year           = "2005",
     eprint         = "hep-ph/0411038",
}
@article{gut1,
     author         = "Pati, J. C. and Salam, A.",
     title          = "Lepton Number as the Fourth Color",
     journal        = "Phys. Rev. D",
     volume         = "10",
     pages          = "275",
     doi            = "10.1103/PhysRevD.10.275",
     year           = "1974"
}
@article{gut2,
     author         = "Georgi, H. and Glashow, S.",
     title          = "Unity of All Elementary-Particle Forces",
     journal        = "Phys. Rev. Lett.",
     volume         = "32",
     pages          = "438",
     doi            = "10.1103/PhysRevLett.32.438",
     year           = "1974"
}
@article{techni1,
     author         = "Dimopoulos, S. and Susskind, L.",
     title          = "Mass Without Scalars",
     journal        = "Nucl. Phys. B",
     volume         = "155",
     pages          = "237",
     doi            = "10.1016/0550-3213(81)90304-7",
     year           = "1979"
}
@article{techni2,
     author         = "Dimopoulos, S.",
     title          = "Technicolored Signatures",
     journal        = "Nucl. Phys. B",
     volume         = "168",
     pages          = "69",
     doi            = "10.1016/0550-3213(80)90277-1",
     year           = "1980"
}
@article{techni3,
     author         = "Eichten, E. and Lane, K.",
     title          = "Dynamical Breaking of the Weak Interaction Symmetries",
     journal        = "Phys. Lett. B",
     volume         = "90",
     pages          = "85",
     doi            = "10.1016/0370-2693(80)90065-9",
     year           = "1980"
}
@article{superstring,
     author         = "Angelopoulos, V. D. and others",
     title          = "Search for New Quarks Suggested by the Superstring",
     journal        = "Nucl. Phys. B",
     volume         = "292",
     pages          = "59",
     doi            = "10.1016/0550-3213(87)90637-7",
     year           = "1987"
}
@article{FCNC,
     author         = "Shanker, O.",
     title          = "{$\pi\ell 2$}, {$\mathrm{K}\ell 3$}, and {$\mathrm{K}^0\!-\!\overline{\mathrm{K}}^0$} constraints on leptoquarks and supersymmetric particles",
     journal        = "Nucl. Phys. B",
     volume         = "204",
     pages          = "375",
     doi            = "10.1016/0550-3213(82)90196-1",
     year           = "1982"
}
@article{mBRW,
     author         = "Buchm{\"u}ller, W. and others",
     title          = "Leptoquarks in Lepton-Quark Collisions",
     journal        = "Phys. Lett.",
     volume         = "B191",
     pages          = "442",
     year           = "1987"
}
@article{Acosta,
     author         = "Acosta, D. and Blessing, S.",
     title          = "Leptoquarks Searches at HERA and the Tevatron",
     journal        = "Ann. Rev Nucl. Par. Sci.",
     volume         = "49",
     pages          = "386-434",
     year           = "1999"
}
@article{Hewett,
     author         = "Hewett, L. and Rizzo, T. G.",
     title          = "Much Ado About Leptoquarks: A Comprehensive Analysis",
     journal        = "Phys. Rev.",
     volume         = "D56",
     pages          = "5709-5724",
     year           = "1997"
}
@article{LQ,
     author         = "Yao, W.-M. and others",
     title          = "Leptoquarks",
     journal        = "J. Phys.",
     volume         = "G33",
     year           = "2006"
}
@article{D0,
     author         = "Abazov, V. M. and others",
     collaboration  = "D0",
     title          = "Search for Pair Production of Second Generation Scalar Leptoquarks in $p\bar{p}$ Collisions at $\sqrt{s}=1.96$ TeV",
     journal        = "Phys. Lett. B",
     volume         = "671",
     pages          = "224",
     doi            = "10.1016/j.physletb.2008.12.017",
     archivePrefix  = "arXiv",
     eprint         = "0808.4023",
     year           = "2009"
}
@article{CMSLQ8TeV,
     title          = "Search for pair production of first and second generation leptoquarks in proton-proton collisions at $\sqrt{s}=8\text{ }\text{ }\mathrm{TeV}$",
     author         = "",
     collaboration  = "{CMS collaboration}",
     journal        = "Phys. Rev. D",
     volume         = "93",
     issue          = "3",
     pages          = "032004",
     numpages       = "32",
     year           = "2016",
     month          = "Feb",
     publisher      = "American Physical Society",
     doi            = "10.1103/PhysRevD.93.032004",
     url            = "http://link.aps.org/doi/10.1103/PhysRevD.93.032004"
}
@article{CMSLQ,
     author         = "Khachatryan, V. and others",
     collaboration  = "CMS",
     title          = "Search for Pair Production of Second-Generation Scalar Leptoquarks in $pp$ Collisions at $\sqrt{s}=7$ TeV",
     journal        = "Phys. Rev. Lett.",
     volume         = "106",
     pages          = "201803",
     doi            = "10.1103/PhysRevLett.106.201803",
     archivePrefix  = "arXiv",
     eprint         = "1012.4033",
     year           = "2011"
}
@article{CMSLQ1,
     author         = "Khachatryan, V. and others",
     collaboration  = "CMS",
     title          = "Search for Pair Production of First-Generation Scalar Leptoquarks in $pp$ Collisions at $\sqrt{s}=7$ TeV",
     journal        = "Phys. Rev. Lett.",
     volume         = "106",
     pages          = "201802",
     doi            = "10.1103/PhysRevLett.106.201802",
     archivePrefix  = "arXiv",
     eprint         = "1012.4031",
     year           = "2011"
}
@article{CMSLQ1evjj,
     author         = "Khachatryan, V. and others",
     collaboration  = "CMS",
     title          = "Search for Pair Production of First Generation Scalar Leptoquarks in the $e\nu jj$ Channel in $pp$ Collisions at $\sqrt{s}=7$ TeV",
     journal        = "Phys. Lett. B",
     volume         = "703",
     pages          = "246",
     doi            = "10.1016/j.PhysLetB.2011.07.089",
     archivePrefix  = "arXiv",
     eprint         = "1105.5237",
     year           = "2011"
}
@article{CMSLQ2_2019,
	doi = "10.1103/physrevd.99.032014",
	url = "https://doi.org/10.1103%2Fphysrevd.99.032014",
	year = "2019",
	month = "Feb",
	publisher = "American Physical Society ({APS})",
	volume = "99",
	number = "3",
     collaboration = "CMS collaboration",
	author = "Sirunyan, A.â€‰M. and others",
	title = "Search for pair production of second-generation leptoquarks at $\sqrt{s}=13$ TeV",
	journal = "Physical Review D"
}
@article{ATLASLQ1,
     author         = "Aad, G. and others",
     collaboration  = "ATLAS",
     title          = "Search for First Generation Scalar Leptoquarks in $pp$ Collisions at $\sqrt{s}=7$ TeV with the ATLAS Detector",
     journal        = "Phys. Lett. B",
     volume         = "709",
     pages          = "158",
     doi            = "10.1016/j.physletb.2012.02.004",
     archivePrefix  = "arXiv",
     eprint         = "1112.4828",
     year           = "2012"
}
@article{ATLASLQ2,
     author         = "Aad, G. and others",
     collaboration  = "ATLAS",
     title          = "Search for Second Generation Scalar Leptoquarks in pp Collisions at $\sqrt{s} = 7$ TeV with the ATLAS Detector",
     journal        = "Eur. Phys. J C",
     issn           = "1434-6044",
     pages          = "1-21",
     volume         = "72",
     issue          = "9",
     archivePrefix  = "arXiv",
     eprint         = "1203.3172",
     doi            = "10.1140/epjc/s10052-012-2151-6",
     year           = "2012"
}
@article{ATLASLQ,
     author         = "Aad, G. and others",
     collaboration  = "ATLAS",
     journal        = "Phys. Rev. D",
     title          = "Search for Pair Production of First or Second Generation Leptoquarks in Proton-Proton Collisions at $\sqrt{s}=7$ TeV Using the ATLAS Detector at the LHC",
     year           = "2011",
     doi            = "10.1103/PhysRevD.83.112006",
     archivePrefix  = "arXiv",
     eprint         = "1104.4481",
     pages          = "112006",
     volume         = "83"
}
@article{LHCb2,
     doi            = "10.1038/s41567-021-01478-8",
     url            = "https://doi.org/10.1038%2Fs41567-021-01478-8",
     year           = "2022",
     month          = "mar",
     publisher      = "Springer Science and Business Media {LLC}",
     volume         = "18",
     number         = "3",
     pages          = "277--282",
     author         = "{LHCb collaboration}",
     title          = "Test of lepton universality in beauty-quark decays",
     journal        = "Nature Physics"
}
@article{LHCb1,
     doi            = "10.1103/physrevlett.128.191802",
     url            = "https://doi.org/10.1103%2Fphysrevlett.128.191802",
     year           = "2022",
     month          = "may",
     publisher      = "American Physical Society ({APS})",
     volume         = "128",
     number         = "19",
     author         = "{LHCb collaboration}",
     title          = "Tests of Lepton Universality Using {$B^0\!\rightarrow\!K^0_s\ell^+\ell^-$} and {$B^+\!\rightarrow\!K^{*+}_s\ell^+\ell^-$} Decays",
     journal        = "Physical Review Letters"
}
@article{Muongminus2,
  title = {Measurement of the Positive Muon Anomalous Magnetic Moment to 0.46 ppm},
  author = {Muon $g-2$ collaboration},
  collaboration = {Muon $g\ensuremath{-}2$ Collaboration},
  journal = {Phys. Rev. Lett.},
  volume = {126},
  issue = {14},
  pages = {141801},
  numpages = {11},
  year = {2021},
  month = {Apr},
  publisher = {American Physical Society},
  doi = {10.1103/PhysRevLett.126.141801},
  url = {https://link.aps.org/doi/10.1103/PhysRevLett.126.141801}
}

@article{CMS,
     author         = "Chatrchyan, S. and others",
     collaboration  = "CMS",
     title          = "The {CMS} experiment at the {CERN} {LHC}",
     journal        = "JINST",
     volume         = "3",
     year           = "2008",
     pages          = "S08004",
     doi            = "10.1088/1748-0221/3/08/S08004",
     SLACcitation   = "%%CITATION = JINST,3,S08004;%%"
}
@article{PYTHIA,
     author         = "Sj{\"o}strand, T. and others",
     title          = "High Energy Physics Event Generation with PYTHIA 6.1",
     journal        = "Comput. Phys. Commun.",
     volume         = "135",
     pages          = "238",
     doi            = "10.1016/S0010-4655(00)00236-8",
     eprint         = "hep-ph/0010017",
     year           = "2001"
}
@article{pythia8,
     author         = "Sj{\"o}strand, Torbj{\"o}rn and Mrenna, Stephen and Skands, Peter Z.",
     title          = "A Brief Introduction to PYTHIA 8.1",
     journal        = "Comput. Phys. Commun.",
     volume         = "178",
     year           = "2008",
     pages          = "852-867",
     doi            = "10.1016/j.cpc.2008.01.036",
     eprint         = "0710.3820",
     archivePrefix  = "arXiv",
     primaryClass   = "hep-ph",
     reportNumber   = "CERN-LCGAPP-2007-04, LU-TP-07-28, FERMILAB-PUB-07-512-CD-T",
     SLACcitation   = "%%CITATION = ARXIV:0710.3820;%%"
}
@article{POWHEG,
     author         = "Alioli, S. and others",
     title          = "A general framework for implementing NLO calculations in shower Monte Carlo programs: the POWHEG BOX",
     journal        = "JHEP",
     volume         = "06",
     pages          = "043",
     doi            = "10.1007/JHEP06(2010)043",
     eprint         = "1002.2581",
     archivePrefix  = "arXiv",
     primaryClass   =  "hep-ph",
     year           = "2010"
}
@article{CTEQ,
     author         = "Pumplin, J. and others",
     title          = "New Generation of Parton Distributions with Uncertainties from Global QCD Analysis",
     journal        = "JHEP",
     volume         = "07",
     pages          = "012",
     doi            = "10.1088/1126-6708/2002/07/012",
     eprint         = "hep-ph/0201195",
     year           = "2002"
}
@article{Martin:2009iq,
     author         = "Martin, A. D. and Stirling, W. J. and Thorne, R. S. and Watt, G.",
     title          = "Parton distributions for the LHC",
     journal        = "Eur. Phys. J. C",
     volume         = "63",
     pages          = "189",
     doi            = "10.1140/epjc/s10052-009-1072-5",
     year           = "2009",
     eprint         = "0901.0002",
     archivePrefix  = "arXiv",
     primaryClass   = "hep-ph",
     reportNumber   = "IPPP-08-95, DCPT-08-190, CAVENDISH-HEP-08-16",
     SLACcitation   = "%%CITATION = ARXIV:0901.0002;%%",
}
@article{Nadolsky:2008zw,
     author         = "Nadolsky, Pavel M. and Lai, Hung-Liang and Cao, Qing-Hong and Huston, Joey and Pumplin, Jon and Stump, Daniel and Tung, Wu-Ki and Yuan, C.-P.",
     title          = "Implications of CTEQ global analysis for collider observables",
     journal        = "Phys. Rev. D",
     volume         = "78",
     pages          = "013004",
     doi            = "10.1103/PhysRevD.78.013004",
     year           = "2008",
     eprint         = "0802.0007",
     archivePrefix  = "arXiv",
     primaryClass   = "hep-ph",
     reportNumber   = "MSUHEP-080125, UCRHEP-T447",
     SLACcitation   = "%%CITATION = ARXIV:0802.0007;%%",
}
@article{Ball:2010de,
     author         = "Ball, Richard D. and Del Debbio, Luigi and Forte, Stefano and Guffanti, Alberto and Latorre, Jose I. and Rojo, Juan and Ubiali, Maria",
     title          = "A first unbiased global NLO determination of parton distributions and their uncertainties",
     journal        = "Nucl. Phys. B",
     volume         = "838",
     pages          = "136",
     doi            = "10.1016/j.nuclphysb.2010.05.008",
     year           = "2010",
     eprint         = "1002.4407",
     archivePrefix  = "arXiv",
     primaryClass   = "hep-ph",
     reportNumber   = "EDINBURGH-2010-05, IFUM-952-FT, FR-PHENO-2010-014, CP3-10-08",
     SLACcitation   = "%%CITATION = ARXIV:1002.4407;%%",
}
@article{GEANT4,
     author         = "S. Agostinelli and others",
     collaboration  = "GEANT4",
     title          = "{GEANT4}---a simulation toolkit",
     journal        = "Nucl. Instrum. Meth. A",
     volume         = "506",
     pages          = "250",
     doi            = "10.1016/S0168-9002(03)01368-8",
     year           = "2003"
}
@article{MADGRAPH1,
     author         = "F. Maltoni and T. Stelzer",
     title          = "Madevent: Automatic Event Generation with MadGraph",
     journal        = "JHEP",
     volume         = "02",
     pages          = "027",
     doi            = "10.1088/1126-6708/2003/02/027",
     eprint         = "hep-ph/0208156",
     year           = "2003"
}
%arXiv:hep-ph/0208156.
@article{MADGRAPH2,
     author         = "J. Alwall and others",
     title          = "MadGraph/MadEvent v4: The New Web Generation",
     journal        = "JHEP",
     volume         = "09",
     pages          = "028",
     doi            = "10.1088/1126-6708/2007/09/028",
     archivePrefix  = "arXiv",
     eprint         = "0706.2334",
     year           = "2007"
}
%arXiv:0706.2334.
@article{ALPGEN,
     author         = "M.L. Mangano and others",
     title          = "ALPGEN, a generator for hard multiparton processes in hadronic collisions",
     journal        = "JHEP",
     volume         = "07",
     pages          = "001",
     year           = "2003"
}
%M.L. Mangano, M. Moretti, F. Piccinini
@article{Highmuons,
     author         = " ",
     collaboration  = "CMS",
     title          = "CMS Technical Design Report, volume I: Detector Performance and Software",
     journal        = "CERN/LHCC",
     volume         = "2006-001",
     year           = "2006"
}
@article{ttdilep,
     author         = " ",
     collaboration  = "CMS",
     title          = "First Measurement of the Cross Section for Top-Quark Pair Production in Proton-Proton Collisions at $\sqrt{s}=7$ TeV",
     journal        = "CERN-PH-EP",
     volume         = "2010-039",
     year           = "2010"
}
@article{MuRec,
     author         = "Abbiendi, G. and others",
     title          = "Muon Reconstruction in the CMS Detector",
     journal        = "CMS Note",
     volume         = "2008/097",
     year           = "2008"
}
@article{WPrime,
     author         = "",
     title          = "Search for new physics in the single lepton + MET final states with the full 2012 dataset at sqrt(s)=8 TeV ",
     journal        = "CMS Note",
     volume         = "2012/423",
     year           = "2012"
}
@article{MUO-17-001,
   title            = "Performance of the reconstruction and identification of high-momentum muons in proton-proton collisions at $\sqrt{s}=13$ TeV",
   volume           = "15",
   ISSN             = "1748-0221",
   url              = "http://dx.doi.org/10.1088/1748-0221/15/02/P02027",
   doi              = "10.1088/1748-0221/15/02/p02027",
   number           = "02",
   journal          = "Journal of Instrumentation",
   publisher        = "IOP Publishing",
   author           = "{CMS Collaboration}",
   year             = "2020",
   month            = "Feb",
   pages            = "P02027-P02027"
}
@article{AN-18-008,
     author         = "Abbiendi, G. and others",
     title          = "Performance of high-pt muons collected with CMS at $\sqrt{s}=13$ TeV during proton-proton collisions",
     journal        = "CMS Note",
     volume         = "2018/008",
     collaboration  = "CMS",
     year           = "2019"
}
@article{MuId,
     title          = "{Muon Reconstruction and Identification Improvements for Run-2 and First Results with 2015 Run Data}",
     collaboration  = "CMS",
     month          = "Jul",
     year           = "2015",
     reportNumber   = "CMS-DP-2015-015",
     url            = "https://cds.cern.ch/record/2037372"
}
@misc{MuonTwiki2016,
     title          = "Muon recommendations for 2016 Legacy data and Monte Carlo",
     year           = "2021",
     url            = "https://twiki.cern.ch/twiki/bin/view/CMS/MuonLegacy2016",
     note           = "Accessed: 01/12/2021"
}
@misc{MuonTwiki2017,
     title          = "Muon recommendations for 2017 Legacy data and Monte Carlo",
     year           = "2021",
     url            = "https://twiki.cern.ch/twiki/bin/view/CMS/MuonLegacy2017",
     note           = "Accessed: 01/12/2021"
}
@misc{MuonTwiki2018,
     title          = "Muon recommendations for 2018 Legacy data and Monte Carlo",
     year           = "2021",
     url            = "https://twiki.cern.ch/twiki/bin/view/CMS/MuonLegacy2018",
     note           = "Accessed: 01/12/2021"
}
@misc{JECTwiki,
     title          = "Recommended Jet Energy Corrections and Uncertainties For Data and MC",
     year           = "2021",
     url            = "https://twiki.cern.ch/twiki/bin/viewauth/CMS/JECDataMC",
     note           = "Accessed: 24/01/2022"
}
@misc{JERTwiki,
     title          = "Jet Energy Resolution",
     year           = "2022",
     url            = "https://twiki.cern.ch/twiki/bin/view/CMS/JetResolution",
     note           = "Accessed: 24/01/2022"
}
@article{EMId,
     author         = "{CMS collaboration}",
     title          = "Performance of electron reconstruction and selection with the CMS detector in proton-proton collisions at $\sqrt{s}$ = 8 TeV",
     journal        = "journal of Instrumentation",
     volume         = "10",
     number         = "06",
     pages          = "P06005",
     url            = "http://stacks.iop.org/1748-0221/10/i=06/a=P06005",
     year           = "2015"
}
@article{CMS:LUM-17-003,
    author          = "{CMS Collaboration}",
    collaboration   = "CMS",
    title           = "Precision luminosity measurement in proton-proton collisions at $\sqrt{s}={13\TeV}$ in 2015 and 2016 at {CMS}",
    eprint          = "2104.01927",
    archivePrefix   = "arXiv",
    primaryClass    = "hep-ex",
    doi             = "10.1140/epjc/s10052-021-09538-2",
    journal         = "Eur. Phys. J. C",
    volume          = "81",
    pages           = "800",
    year            = "2021"
}
@techreport{CMS:LUM-17-004,
    author          = "{CMS Collaboration}",
    collaboration   = "CMS",
    institution     = "CMS",
    title           = "{CMS} luminosity measurement for the 2017 data-taking period at $\sqrt{s}={13\TeV}$",
    type            = "CMS Physics Analysis Summary",
    number          = "CMS-PAS-LUM-17-004",
    year            = "2018",
    url             = "https://cds.cern.ch/record/2621960"
}
@techreport{CMS:LUM-18-002,
    author          = "{CMS Collaboration}",
    collaboration   = "CMS",
    institution     = "CMS",
    title           = "{CMS} luminosity measurement for the 2018 data-taking period at $\sqrt{s}={13\TeV}$",
    type            = "CMS Physics Analysis Summary",
    number          = "CMS-PAS-LUM-18-002",
    year            = "2019",
    url             = "https://cds.cern.ch/record/2676164"
}
@article{pf_algos,
     author         = "Sirunyan, A. M. and others",
     title          = "Particle-flow reconstruction and global event description with the CMS detector",
     collaboration  = "CMS",
     journal        = "JINST",
     volume         = "12",
     year           = "2017",
     pages          = "P10003",
     doi            = "10.1088/1748-0221/12/10/P10003",
     eprint         = "1706.04965",
     archivePrefix  = "arXiv",
     primaryClass   = "physics.ins-det",
     reportNumber   = "CMS-PRF-14-001, CERN-EP-2017-110",
     SLACcitation   = "%%CITATION = ARXIV:1706.04965;%%",
}
@article{JetCorr_oldPAS,
     author         = " ",
     collaboration  = "CMS",
     title          = "Jet Energy Corrections Determination at $\sqrt{s}=7$~TeV",
     journal        = "CMS PAS",
     volume         = "JME-2010-010",
     year           = "2010"
}
@article{JetCorr,
     author         = "Chatrchyan, S. and others",
     collaboration  = "CMS",
     title          = "Determination of jet energy calibration and transverse momentum resolution in CMS",
     journal        = "JINST",
     archivePrefix  = "arXiv",
     eprint         = "1107.4277",
     year           = "2011",
     volume         = "6",
     pages          = "11002",
     doi            = "10.1088/1748-0221/6/11/P11002",
     adsurl         = "http://adsabs.harvard.edu/abs/2011JInst...611002C",
     adsnote        = "Provided by the SAO/NASA Astrophysics Data System"
}
@article{HEEP,
     author         = "S.Harper",
     collaboration  = "CMS",
     title          = "Measurement of HEEP Selection Efficiencies using $W$s in early data",
     note           = "2010/225",
     year           = "2010"
}
@article{HEEPlq1old,
     author         = "",
     collaboration  = "CMS",
     title          = "Search for Pair Production of First-Generation Scalar Leptoquarks Using Events Containing Two Electrons And Two Jets Produced in $pp$ Collisions at $\sqrt{s}=7$~TeV",
     note           = "EXO-10-005",
     year           = "2010"
}
@article{HEEPlq1,
     title          = "Search for First Generation Scalar Leptoquarks in the $e \nu j j  $ Channel in pp collisions at $\sqrt{s}=7$~TeV",
     journal        = "Phys. Lett.",
     volume         = "B703",
     pages          = "246",
     year           = "2011",
     note           = "",
     issn           = "0370-2693",
     doi            = "10.1016/j.physletb.2011.07.089",
     url            = "http://www.sciencedirect.com/science/article/pii/S0370269311009518",
     author         = " ",
     keywords       = "LHC",
     keywords       = "CMS",
     keywords       = "Physics",
     keywords       = "Exotica",
     keywords       = "Leptoquarks"
}
@article{antikt,
     author         = "Cacciari, M. and Salam, G. P. and Soyez, G.",
     title          = "The anti-$k_t$ jet clustering algorithm",
     journal        = "JHEP",
     volume         = "04",
     pages          = "063",
     doi            = "10.1088/1126-6708/2008/04/063",
     archivePrefix  = "arXiv",
     eprint         = "0802.1189",
     year           = "2008"
}
@article{jme,
     author         = " ",
     collaboration  = "CMS",
     title          = "Calorimeter Jet Quality Criteria for the First CMS Collision Data",
     journal        = "CMS PAS",
     volume         = "JME-09-008",
     year           = "2010"
}
@article{lq1,
     author         = " ",
     collaboration  = "CMS",
     title          = "Search for Pair Production of First Generation Scalar Leptoquarks at the CMS Experiment",
     journal        = "CMS Note",
     volume         = "08-010",
     year           = "2008"
}
@article{NLO1,
     author         = "Kramer, M. and Plehn, T. and Spira, M. and Zerwas, P. M.",
     title          = "{Pair production of scalar leptoquarks at the Tevatron}",
     journal        = "Phys. Rev. Lett.",
     volume         = "79",
     year           = "1997",
     pages          = "341-344",
     doi            = "10.1103/PhysRevLett.79.341",
     eprint         = "hep-ph/9704322",
     archivePrefix  = "arXiv",
     primaryClass   = "hep-ph",
     reportNumber   = "RAL-97-017, RAL-97-17, DESY-97-063, CERN-TH-97-067, CERN-TH-97-67",
     SLACcitation   = "%%CITATION = HEP-PH/9704322;%%"
}
@article{NLO,
    author          = "Kr{\"a}mer, M and others",
    title           = "Pair production of scalar leptoquarks at the CERN LHC",
    journal         = "Phys. Rev. D",
    volume          = "71",
    year            = "2005"
}
@article{JESCorr,
    author          = " ",
    collaboration   = "CMS",
    title           = "Jet Energy Corrections determination at $\sqrt{s}=7$~TeV",
    journal         = "CMS PAS",
    volume          = "JME-2010-010",
    year            = "2010"
}
@article{JES,
    author          = " ",
    collaboration   = "CMS",
    title           = "CMS Jet Performance in $pp$ Collisions at $\sqrt{s} = 7$~TeV",
    journal         = "CMS PAS",
    volume          = "JME-2010-003",
    year            = "2010"
}
@techreport{jetID,
     author         = "{CMS Collaboration}",
     title          = "{Jet algorithms performance in 13 TeV data}",
     institution    = "CERN",
     collaboration  = "CMS",
     address        = "Geneva",
     number         = "CMS-PAS-JME-16-003",
     year           = "2017",
     reportNumber   = "CMS-PAS-JME-16-003",
     url            = "http://cds.cern.ch/record/2256875",
}
@article{CMSWandZ,
     author         = " ",
     collaboration  = "CMS",
     title          = "Measurement of Inclusive $W$ and $Z$ Cross Sections in $pp$ Collisions at $\sqrt{s}=7$~TeV",
     journal        = "CMS PAS",
     volume         = "EWK-10-002",
     year           = "2010"
}
@article{pdf1,
     author         = "Biallass, P. and others",
     collaboration  = "CMS",
     title          = "Parton Distribution Uncertainty Determination within CMSSW",
     journal        = "CMS NOTE",
     volume         = "2009/048",
     year           = "2009"
}
@article{zprimem,
     author         = "Acosta, D. and others",
     collaboration  = "CMS",
     title          = "Search for High-Mass Resonances Decaying to Muon Pairs with Collisions Gathered at $\sqrt(s)=7$ TeV",
     journal        = "CMS AN",
     volume         = "2011/278",
     year           = "2011"
}
@article{longlived,
     author         = "Acosta, D. and others",
     collaboration  = "CMS",
     title          = "Search for displaced leptons in the e-mu channel",
     journal        = "CMS PAS",
     volume         = "EXO-16-022",
     year           = "2016",
     URL            = "https://cds.cern.ch/record/2205146"
}
@article{zprimempas,
     author         = "Chatrchyan, S. and others",
     collaboration  = "CMS",
     title          = "Search for Narrow Resonances in Dilepton Mass Spectra in $pp$ Collisions at $\sqrt{s}=7$ TeV",
     journal        = "Phys. Lett. B",
     year           = "2012",
     eprint         = "1206.1849",
     archivePrefix  = "arXiv",
     note           = "In press. Corrected proofs available.",
     doi            = "10.1016/j.physletb.2012.06.051",
}
@article{zprimee,
     author         = "Clerbaux, B. and others",
     collaboration  = "CMS",
     title          = "Search for High Mass Resonances Decaying to Electron Pairs in the CMS Experiment",
     journal        = "CMS AN",
     volume         = "2011/159",
     year           = "2011"
}
@article{pdf2,
     author         = "Bourilkov D., Group R.C., and Whalley M.R.",
     title          = "LHAPDF: PDF use from the Tevatron to the LHC",
     journal        = "arXiv:hep-ph/0605240",
     year           = "2006"
}
@article{bayes1,
     author         = " ",
     collaboration  = "Particle Data Group",
     title          = "Review of particle physics - Section 32.3.1: The Bayesian approach",
     journal        = "Phys. Lett.",
     volume         = "B667",
     pages          = "1",
     year           = "2008"
}
@article{rpv,
     author         = "Dreiner, H. K.",
     title          = "An introduction to explicit {$R$}-parity violation",
     journal        = "Pramana",
     volume         = "51",
     pages          = "123",
     doi            = "10.1007/BF02827485",
     year           = "1998"
}
@article{dispSUSY,
     author         = "Graham, Peter W. and Kaplan, David E. and Rajendran, Surjeet and Saraswat, Prashant",
     title          = "Displaced Supersymmetry",
     journal        = "journal of High Energy Physics",
     year           = "2012",
     volume         = "2012",
     number         = "7",
     pages          = "1",
     issn           = "1029-8479",
     doi            = "10.1007/JHEP07(2012)149",
     url            = "http://dx.doi.org/10.1007/JHEP07(2012)149"
}
@article{bayes,
     author         = "Bertram, I. and others",
     title          = "A Recipe for the Construction of Confidence Limits",
     journal        = "FERMILAB-TM-2104",
     year           = "2000"
}
@article{nuisance,
     author         = "{CMS Statistics Committee}",
     title          = "Probability Density Functions for Positive Nuisance Parameters",
     year           = "2010",
     journal        = "{\tt http://www.physics.ucla.edu/\~{\ }cousins/stats/ cousins\_lognormal\_prior.pdf}"
}
@article{CL95,
     author         = "Landsberg, G.",
     title          = "95\% Confidence Level Limit Calculator for the CMS Experiment",
     year           = "2009",
     journal        = "{\tt https://twiki.cern.ch/twiki/pub/CMS/EXOTICA/cl95cms.c}"
 }
 @article{Nason:2004rx,
     author         = "Nason, Paolo",
     title          = "A new method for combining NLO QCD with shower Monte Carlo algorithms",
     journal        = "JHEP",
     volume         = "11",
     year           = "2004",
     pages          = "040",
     eprint         = "hep-ph/0409146",
     archivePrefix  = "arXiv",
     doi            = "10.1088/1126-6708/2004/11/040",
     SLACcitation   = "%%CITATION = HEP-PH/0409146;%%"
}
@article{Frixione:2007vw,
     author         = "Frixione, Stefano and Nason, Paolo and Oleari, Carlo",
     title          = "Matching NLO QCD computations with Parton Shower simulations: the POWHEG method",
     journal        = "JHEP",
     volume         = "11",
     year           = "2007",
     pages          = "070",
     eprint         = "0709.2092",
     archivePrefix  = "arXiv",
     primaryClass   = "hep-ph",
     doi            = "10.1088/1126-6708/2007/11/070",
     SLACcitation   = "%%CITATION = 0709.2092;%%"
}
@article{Gleisberg:2008ta,
     author         = "Gleisberg, T. and others",
     title          = "Event Generation with SHERPA 1.1",
     journal        = "JHEP",
     volume         = "02",
     pages          = "007",
     doi            = "10.1088/1126-6708/2009/02/007",
     year           = "2009",
     archivePrefix  = "arXiv",
     eprint         = "0811.4622",
     archivePrefix  = "arXiv",
     primaryClass   = "hep-ph",
}
@article{Junk:1999kv,
     author         = "Junk, Thomas",
     title          = "Confidence Level Computation for Combining Searches with Small Statistics",
     journal        = "Nucl. Instrum. Meth. A",
     volume         = "434",
     year           = "1999",
     pages          = "435",
     eprint         = "hep-ex/9902006",
     doi            = "10.1016/S0168-9002(99)00498-2",
     SLACcitation   = "%%CITATION = HEP-EX/9902006;%%"
}
@inproceedings{Read:411537:Lyons,
     author         = "Read, A. L.",
     title          = "{Modified frequentist analysis of search results (the $CL_{s}$ method)}",
     reportNumber   = "CERN-OPEN-2000-205",
     crossref       = "Lyons:411537",
     pages          = "81--101",
     year           = "2000",
     url            = "https://cds.cern.ch/record/451614",
     doi            = "10.5170/CERN-2000-005.81",
}
@proceedings{Lyons:411537,
      author        = "Lyons, Louis and Perrin, Yves and James, Frederick E",
      title         = "{Workshop on Confidence Limits: CERN, Geneva, Switzerland 17 - 18 Jan 2000. 1st Workshop on Confidence Limits}",
      booktitle     = "{Workshop on Confidence Limits: CERN, Geneva, Switzerland 17 - 18 Jan 2000. 1st Workshop on Confidence Limits}",
      organization  = "CERN",
      publisher     = "CERN",
      address       = "Geneva",
      year          = "2000",
      url           = "https://cds.cern.ch/record/411537",
      doi           = "10.5170/CERN-2000-005",
}
@article{CMSLQ2_2016,
     title          = "Search for pair production of second-generation leptoquarks at $\sqrt{s}\mathbf{=}7\text{\,}\text{\,}\mathrm{TeV}$",
     volume         = "99",
     collaboration  = "CMS",
     ISSN           = "2470-0029",
     url            = "http://dx.doi.org/10.1103/PhysRevD.99.032014",
     doi            = "10.1103/physrevd.99.032014",
     number         = "3",
     journal        = "Physical Review D",
     publisher      = "American Physical Society (APS)",
     author         = "Sirunyan, A. M. and Tumasyan, A. and Adam, W. and Ambrogi, F. and Asilar, E. and Bergauer, T. and Brandstetter, J. and Dragicevic, M. and ErÃ¶, J. and Escalante Del Valle, A. and et al.",
     year           = "2019",
     month          = "Feb"
}
@article{CMSLQ2011,
     title          = "Search for pair production of first- and second-generation scalar leptoquarks in $pp$ collisions at $\sqrt{s}\mathbf{=}7\text{\,}\text{\,}\mathrm{TeV}$",
     author         = "Chatrchyan, S. and others",
     collaboration  = "CMS",
     journal        = "Phys. Rev. D",
     volume         = "86",
     issue          = "5",
     pages          = "052013",
     numpages       = "23",
     year           = "2012",
     month          = "Sep",
     doi            = "10.1103/PhysRevD.86.052013",
     url            = "http://link.aps.org/doi/10.1103/PhysRevD.86.052013",
     publisher      = "American Physical Society"
}
@article{belyaev,
     author         = "Belyaev, A. and others",
     title          = "{Leptoquark Single and Pair production at LHC with CalcHEP/CompHEP in the complete model}",
     journal        = "JHEP",
     volume         = "09",
     year           = "2005",
     pages          = "005",
     doi            = "10.1088/1126-6708/2005/09/005"
}
%Systematics
@techreport{Zprime13TeV,
     title          = "Search for a Narrow Resonance Produced in 13 TeV pp Collisions Decaying to Electron Pair or Muon Pair Final States",
     author         = "{CMS collaboration}",
     collaboration  = "CMS",
     URL            = "http://cds.cern.ch/record/2114855",
     TYPE           = "CMS Physics Analysis Summary",
     number         = "CMS-PAS-EXO-15-005",
     year           = "2015"
}
@article{PDF4LHC,
     author         = "Butterworth, Jon and others",
     title          = "PDF4LHC recommendations for LHC Run II",
     journal        = "J. Phys.",
     volume         = "G43",
     year           = "2016",
     pages          = "023001",
     doi            = "10.1088/0954-3899/43/2/023001",
     eprint         = "1510.03865",
     archivePrefix  = "arXiv",
     primaryClass   = "hep-ph",
     reportNumber   = "OUTP-15-17P, SMU-HEP-15-12, TIF-UNIMI-2015-14, LCTS-2015-27, CERN-PH-TH-2015-249",
     SLACcitation   = "%%CITATION = ARXIV:1510.03865;%%"
}
@article{DeepJet,
     title          = "Jet flavour classification using DeepJet",
     volume         = "15",
     ISSN           = "1748-0221",
     url            = "http://dx.doi.org/10.1088/1748-0221/15/12/P12012",
     DOI            = "10.1088/1748-0221/15/12/p12012",
     number         = "12",
     journal        = "Journal of Instrumentation",
     publisher      = "IOP Publishing",
     author         = "Bols, E. and Kieseler, J. and Verzetti, M. and Stoye, M. and Stakia, A.",
     year           = "2020",
     month          = "Dec",
     pages          = "P12012-P12012"
}
@misc{BtagTwiki2016,
     title          = "{Heavy flavour tagging for 13 TeV 2016 Legacy data}",
     year           = "2021",
     url            = "https://twiki.cern.ch/twiki/bin/viewauth/CMS/BtagRecommendation2016Legacy",
     note           = "Accessed: 14/02/2022"
}
@misc{BtagTwiki2017,
     title          = "{Heavy flavour tagging for 13 TeV data in 2017 and 94X MC}",
     year           = "2021",
     url            = "https://twiki.cern.ch/twiki/bin/viewauth/CMS/BtagRecommendation94X",
     note           = "Accessed: 14/02/2022"
}
@misc{BtagTwiki2018,
     title          = "{Heavy flavour tagging for 13 TeV data in 2018 and 10\_2\_X MC}",
     year           = "2021",
     url            = "https://twiki.cern.ch/twiki/bin/viewauth/CMS/BtagRecommendation102X",
     note           = "Accessed: 14/02/2022"
}
@misc{BTagSF,
     title          = "{Methods to apply b-tagging efficiency scale factors}",
     year           = "2022",
     url            = "https://twiki.cern.ch/twiki/bin/view/CMS/BTagSFMethods",
     note           = "Accessed: 15/02/2022"
}
@article{BtagID,
	doi            = "10.1088/1748-0221/13/05/p05011",
	url            = "https://doi.org/10.1088/1748-0221/13/05/p05011",
	year           = "2018",
	month          = "may",
	publisher      = "{IOP} Publishing",
	volume         = "13",
	number         = "05",
	pages          = "P05011--P05011",
	author         = "",
     collaboration  = "CMS",
	title          = "Identification of heavy-flavour jets with the {CMS} detector in pp collisions at 13 {TeV}",
	journal        = "Journal of Instrumentation"
}
@misc{TMVA,
     doi            = "10.48550/ARXIV.PHYSICS/0703039",
     url            = "https://arxiv.org/abs/physics/0703039",
     author         = "Hoecker, A. and Speckmayer, P. and Stelzer, J. and Therhaag, J. and von Toerne, E. and Voss, H. and Backes, M. and Carli, T. and Cohen, O. and Christov, A. and Dannheim, D. and Danielowski, K. and Henrot-Versille, S. and Jachowski, M. and Kraszewski, K. and Krasznahorkay, A. and Kruk, M. and Mahalalel, Y. and Ospanov, R. and Prudent, X. and Robert, A. and Schouten, D. and Tegenfeldt, F. and Voigt, A. and Voss, K. and Wolter, M. and Zemla, A.",
     keywords       = "Data Analysis, Statistics and Probability (physics.data-an), FOS: Physical sciences, FOS: Physical sciences",
     title          = "TMVA - Toolkit for Multivariate Data Analysis",
     publisher      = "arXiv",
     year           = "2007",  
     copyright      = "Assumed arXiv.org perpetual, non-exclusive license to distribute this article for submissions made before January 2004"
}
@article{Rochester,
	doi            = "10.1140/epjc/s10052-012-2194-8",
	url            = "https://doi.org/10.1140%2Fepjc%2Fs10052-012-2194-8",
	year           = "2012",
	month          = "oct",
	publisher      = "Springer Science and Business Media {LLC}",
	volume         = "72",
	number         = "10",
	author         = "A. Bodek and A. van Dyne and J. Y. Han and W. Sakumoto and A. Strelnikov",
	title          = "Extracting muon momentum scale corrections for hadron collider experiments",
	journal        = "The European Physical Journal C"
}
@misc{RoccoR,
     title          = "{``Rochester corrections'' package for muon momentum}",
     url            = "https://gitlab.cern.ch/akhukhun/roccor/-/tree/master/",
     year           = "2021",
     note           = "Accessed: 19/07/2022"
}
@misc{GEScaleSyst,
     title          = "{``GEScaleSyst''}",
     url            = "https://gitlab.cern.ch/cms-muonPOG/GeneralizedEndpoint/GEScaleSyst",
     year           = "2021",
     note           = "Accessed: 26/07/2022"
}
@misc{topPtReweightSlides,
     title          = "{``Top pT reweighting''}",
     url            = "https://indico.cern.ch/event/904971/contributions/3857701/attachments/2036949/3410728/TopPt_20.05.12.pdf",
     year           = "2021",
     note           = "Accessed: 07/09/2022"
}
@article{topPtReweight13TeV,
	doi            = "10.1007/jhep02(2019)149",
	url            = "https://doi.org/10.1007%2Fjhep02%282019%29149",
	year           = "2019",
	month          = "feb",
	publisher      = "Springer Science and Business Media {LLC}",
	volume         = "2019",
	number         = "2",
	author         = "{CMS collaboration}",
     collaboration  = "CMS",
	title          = "{Measurements of {\textdollar}{\textdollar} {\textbackslash}mathrm$\lbrace$t$\rbrace${\textbackslash}overline$\lbrace${\textbackslash}mathrm$\lbrace$t$\rbrace$$\rbrace$ {\textdollar}{\textdollar} differential cross sections in proton-proton collisions at {\textdollar}{\textdollar} {\textbackslash}sqrt$\lbrace${\textbackslash}mathrm$\lbrace$s$\rbrace$$\rbrace$=13 {\textdollar}{\textdollar} {TeV} using events containing two leptons}",
	journal        = "{"Journal of High Energy Physics"}"
}
@book{LHCTDR,
     author         = "BrÃ¼ning, Oliver Sim and Collier, Paul and Lebrun, P and Myers, Stephen and Ostojic, Ranko and Poole, John andProudlock, Paul",
     title          = "{LHC Design Report}",
     publisher      = "CERN",
     address        = "Geneva",
     series         = "CERN Yellow Reports: Monographs",
     year           = "2004",
     url            = "https://cds.cern.ch/record/782076",
     doi            = "10.5170/CERN-2004-003-V-1"
}
@book{CMSTDR,
      author        = "{The CMS Collaboration}",
      collaboration = "CMS",
      title         = "{CMS Physics: Technical Design Report Volume 1: Detector Performance and Software}",
      publisher     = "CERN",
      address       = "Geneva",
      series        = "Technical design report. CMS",
      year          = "2006",
      url           = "https://cds.cern.ch/record/922757"
}
@misc{PixelUpgrade,
     doi            = "10.48550/ARXIV.2012.14304",
     url            = "https://arxiv.org/abs/2012.14304",
     author         = "{The Tracker Group Of The CMS Collaboration}",
     keywords       = "Instrumentation and Detectors (physics.ins-det), High Energy Physics - Experiment (hep-ex), FOS: Physical sciences, FOS: Physical sciences",
     title          = "The CMS Phase-1 Pixel Detector Upgrade",
     publisher      = "arXiv",
     year           = "2020",
     copyright      = "arXiv.org perpetual, non-exclusive license"
}
@article{SiliconStrip,
     doi            = {10.1088/1742-6596/41/1/011},
     url            = {https://dx.doi.org/10.1088/1742-6596/41/1/011},
     year           = {2006},
     month          = {may},
     publisher      = {},
     volume         = {41},
     number         = {1},
     pages          = {127},
     author         = {Paolo Azzurri},
     title          = {The CMS Silicon Strip Tracker},
     journal        = {Journal of Physics: Conference Series},
     abstract       = {With over 200 square meters of sensitive Silicon and almost 10 million readout channels, the Silicon Strip Tracker of the CMS experiment at the LHC will be the largest Silicon strip detector ever built. The design, construction and expected performance of the CMS Tracker is reviewed in the following.}
}
@book{ECALTDR,
     collaboration  = "CMS",
     title          = "{The CMS electromagnetic calorimeter project: Technical Design Report}",
     publisher      = "CERN",
     address        = "Geneva",
     series         = "Technical design report. CMS",
     year           = "1997",
     url            = "https://cds.cern.ch/record/349375"
}
@book{HCALTDR,
     collaboration  = "CMS",
     title          = "{The CMS hadron calorimeter project: Technical Design Report}",
     publisher      = "CERN",
     address        = "Geneva",
     series         = "Technical design report. CMS",
     year           = "1997",
     url            = "https://cds.cern.ch/record/357153"
}
@book{MuonTDR,
     author         = "Layter, J. G.",
     collaboration  = "CMS",
     title          = "{The CMS muon project: Technical Design Report}",
     publisher      = "CERN",
     address        = "Geneva",
     series         = "Technical design report. CMS",
     year           = "1997",
     url            = "https://cds.cern.ch/record/343814"
}
@article{Trigger,
     doi            = "10.1088/1748-0221/12/01/P01020",
     url            = "https://dx.doi.org/10.1088/1748-0221/12/01/P01020",
     year           = "2017",
     month          = "jan",
     publisher      = "",
     volume         = "12",
     number         = "01",
     pages          = "P01020",
     author         = "{The CMS Collaboration}",
     title          = "The CMS trigger system",
     journal        = "Journal of Instrumentation"
}
@article{GEM,
     doi            = "10.1088/1742-6596/1390/1/012116",
     url            = "https://dx.doi.org/10.1088/1742-6596/1390/1/012116",
     year           = "2019",
     month          = "nov",
     publisher      = "IOP Publishing",
     volume         = "1390",
     number         = "1",
     pages          = "012116",
     author         = "{Giovanni Mocellin and on behalf of the CMS Muon Group}",
     title          = "GEM detectors for the Upgrade of the CMS Muon Forward system",
     journal        = "Journal of Physics: Conference Series"
}
@article{CMS:ppInelasticCrossSection,
	doi = "10.1007/jhep07(2018)161",
	url = "https://doi.org/10.1007%2Fjhep07%282018%29161",
	year = "2018",
	month = "jul",
	publisher = "Springer Science and Business Media {LLC}",
	volume = "2018",
	number = "7",
	author = "{The CMS collaboration}",
	title = "Measurement of the inelastic proton-proton cross section at {\textdollar}{\textdollar} {\textbackslash}sqrt$\lbrace$s$\rbrace$=13 {\textdollar}{\textdollar} {TeV}",
	journal = "Journal of High Energy Physics"
}
@article{Aoyama2020,
	doi            = "10.1016/j.physrep.2020.07.006",
	url            = "https://doi.org/10.1016%2Fj.physrep.2020.07.006",
	year           = "2020",
	month          = "dec",
	publisher      = "Elsevier {BV}",
	volume         = "887",
	pages          = "1--166",
	author         = "T. Aoyama et al.",
	title          = "The anomalous magnetic moment of the muon in the Standard Model",
	journal        = "Physics Reports"
}